@article{machado2002,
  title={Novas tecnologias na educação: reflexões sobre a prática},
  author={Machado, Luís Paulo Leopoldo},
  journal={Maceió: EDUFAL},
  year={2002}
}

@article{rinaldi1997,
title={A educação dos Surdos},
author={Gabriel Rinaldi},
journal={Brasília: Ministério da Educação e do Desporto - Secretaria de Educação Especial, v. 2, n. 4},
year={1997}
}

@article{nerici1987,
title={Didática geral dinâmica},
author={Imideo G Nérici},
journal={São Paulo:  Atlas},
year={1997}
}